<?xml version="1.0" encoding="UTF-8"?><collection xmlns="http://www.loc.gov/MARC21/slim"><record><leader>00445nam--2200133-i-4500</leader><controlfield tag="001">000018275</controlfield><controlfield tag="002">20161230</controlfield><controlfield tag="005">20161230201032</controlfield><controlfield tag="008">060222s1000------------r-----000-0-eng-d</controlfield><datafield ind1=" " ind2=" " tag="245"><subfield code="a">Conference on molecular spectroscopy.held in london, 27-28 febr.1958</subfield></datafield><datafield ind1=" " ind2=" " tag="260"><subfield code="a">London, Pergamon Press, 1959.Vii + 352 P. Cu Fig</subfield></datafield><datafield ind1=" " ind2=" " tag="490"><subfield code="a">Proceedings Of The Inst.Of Petroleum Hydrocarbon Research Group</subfield></datafield><datafield ind1=" " ind2=" " tag="700"><subfield code="a">Thornton, E., Thompson, H.W</subfield></datafield><datafield ind1=" " ind2=" " tag="852"><subfield code="a">14614</subfield></datafield></record></collection>